%% This BibTeX bibliography file was created using BibDesk.
%% https://bibdesk.sourceforge.io/

%% Created for Sam Dolan at 2019-12-15 21:50:01 +0000


%% Saved with string encoding Unicode (UTF-8)


@comment{jabref-meta: databaseType:bibtex;}



@book{Sommerfeld49,
	Author = {A. Sommerfeld},
	Publisher = {Academic Press, New York},
	Title = {Partial Differential Equations of Physics},
	Year = {1949}}


@book{deAlfaro:1965zz,
	Author = {de Alfaro, V. and Regge, T.},
	Publisher = {North-Holland Publishing Company, Amsterdam},
	Slaccitation = {%%CITATION = INSPIRE-940210;%%},
	Title = {{Potential Scattering}},
	Year = {1965}}

@book{Nus92,
	Author = {H. M. Nussenzveig},
	Publisher = {Cambridge University Press, Cambridge},
	Title = {Diffraction Effects in Semiclassical Scattering},
	Year = {1992}}

@book{Grandy2000,
	Author = {W. T. Grandy},
	Publisher = {Cambridge University Press, Cambridge},
	Title = {Scattering of Waves from Large Spheres},
	Year = {2000}}

@book{Uberall1992,
	Author = {H. {\"U}berall},
	Publisher = {Gordon and Breach, New York},
	Title = {Acoustic Resonance Scattering},
	Year = {1992}}

@book{AkiRichards2002,
	Author = {Aki, K. and Richards, P.},
	Edition = {Second},
	Publisher = {University Science Book, Sausalito},
	Title = {Quantitative Seismology},
	Year = {2002}}

@book{Gribov69,
	Author = {V. N. Gribov},
	Publisher = {Cambridge University Press, Cambridge},
	Title = {The Theory of Complex Angular Momenta: Gribov Lectures on Theoretical Physics},
	Year = {2003}}

@book{Collins77,
	Author = {P. D. B. Collins},
	Publisher = {Cambridge University Press, Cambridge},
	Title = {An Introduction to Regge Theory and High-Energy Physics},
	Year = {1977}}

@book{BaronePredazzi2002,
	Author = {V. Barone and E. Predazzi},
	Publisher = {Springer-Verlag, Berlin},
	Title = {High-Energy Particle Diffraction},
	Year = {2002}}

@book{DonnachieETAL2005,
	Author = {S. Donnachie and G. Dosch and P. V. Landshoff and O. Nachtmann},
	Publisher = {Cambridge University Press, Cambridge},
	Title = {Pomeron Physics and QCD},
	Year = {2005}}

@article{Andersson:1994rm,
	Author = {Andersson, N.},
	Doi = {10.1088/0264-9381/11/12/014},
	Journal = {Class.\ Quant.\ Grav.},
	Pages = {3003},
	Slaccitation = {%%CITATION = CQGRD,11,3003;%%},
	Title = {{Complex angular momenta and the black hole glory}},
	Volume = {11},
	Year = {1994},
	Bdsk-Url-1 = {https://doi.org/10.1088/0264-9381/11/12/014}}

@article{Decanini:2009mu,
	Archiveprefix = {arXiv},
	Author = {Decanini, Y. and Folacci, A.},
	Doi = {10.1103/PhysRevD.81.024031},
	Eprint = {0906.2601},
	Journal = {Phys.\ Rev.\ D},
	Pages = {024031},
	Primaryclass = {gr-qc},
	Slaccitation = {%%CITATION = ARXIV:0906.2601;%%},
	Title = {{Regge poles of the Schwarzschild black hole: A WKB approach}},
	Volume = {81},
	Year = {2010},
	Bdsk-Url-1 = {https://doi.org/10.1103/PhysRevD.81.024031}}

@article{Folacci:2018sef,
	Archiveprefix = {arXiv},
	Author = {Folacci, A. and Ould El Hadj, M.},
	Doi = {10.1103/PhysRevD.98.064052},
	Eprint = {1807.09056},
	Journal = {Phys.\ Rev.\ D},
	Number = {6},
	Pages = {064052},
	Primaryclass = {gr-qc},
	Slaccitation = {%%CITATION = ARXIV:1807.09056;%%},
	Title = {{Alternative description of gravitational radiation from black holes based on the Regge poles of the ${\cal S}$-matrix and the associated residues}},
	Volume = {98},
	Year = {2018},
	Bdsk-Url-1 = {https://doi.org/10.1103/PhysRevD.98.064052}}

@article{Giesler:2019uxc,
	Archiveprefix = {arXiv},
	Author = {Giesler, Matthew and Isi, Maximiliano and Scheel, Mark and Teukolsky, Saul},
	Eprint = {1903.08284},
	Primaryclass = {gr-qc},
	Slaccitation = {%%CITATION = ARXIV:1903.08284;%%},
	Title = {{Black hole ringdown: the importance of overtones}},
	Year = {2019}}

@article{Alexandre:2018crg,
	Archiveprefix = {arXiv},
	Author = {Alexandre, Jean and Clough, Katy},
	Doi = {10.1103/PhysRevD.98.043004},
	Eprint = {1805.01874},
	Journal = {Phys. Rev.},
	Number = {4},
	Pages = {043004},
	Primaryclass = {hep-ph},
	Reportnumber = {KCL-PH-TH/2018-15, KCL-PH-TH-2018-15},
	Slaccitation = {%%CITATION = ARXIV:1805.01874;%%},
	Title = {{Black hole interference patterns in flavor oscillations}},
	Volume = {D98},
	Year = {2018},
	Bdsk-Url-1 = {https://doi.org/10.1103/PhysRevD.98.043004}}

@article{Marchant:2019swq,
	Archiveprefix = {arXiv},
	Author = {Marchant, Pablo and Breivik, Katelyn and Berry, Christopher P. L. and Mandel, Ilya and Larson, Shane L.},
	Eprint = {1912.04268},
	Primaryclass = {astro-ph.SR},
	Slaccitation = {%%CITATION = ARXIV:1912.04268;%%},
	Title = {{Eclipses of continuous gravitational waves as a probe of stellar structure}},
	Year = {2019}}

@article{Decanini:2002ha,
	Archiveprefix = {arXiv},
	Author = {Decanini, Yves and Folacci, Antoine and Jensen, Bruce},
	Doi = {10.1103/PhysRevD.67.124017},
	Eprint = {gr-qc/0212093},
	Journal = {Phys. Rev.},
	Pages = {124017},
	Primaryclass = {gr-qc},
	Slaccitation = {%%CITATION = GR-QC/0212093;%%},
	Title = {{Complex angular momentum in black hole physics and the quasinormal modes}},
	Volume = {D67},
	Year = {2003},
	Bdsk-Url-1 = {https://doi.org/10.1103/PhysRevD.67.124017}}

@article{Leaver:1990zz,
	Author = {Leaver, Edward W.},
	Doi = {10.1103/PhysRevD.41.2986},
	Journal = {Phys. Rev.},
	Pages = {2986-2997},
	Slaccitation = {%%CITATION = PHRVA,D41,2986;%%},
	Title = {{Quasinormal modes of Reissner-Nordstrom black holes}},
	Volume = {D41},
	Year = {1990},
	Bdsk-Url-1 = {https://doi.org/10.1103/PhysRevD.41.2986}}

@book{Nussenzveig:2006,
	Author = {Nussenzveig, Herch Moys{\'e}s},
	Publisher = {Cambridge University Press},
	Title = {Diffraction effects in semiclassical scattering},
	Volume = {1},
	Year = {2006}}

@article{He:2019orl,
	Archiveprefix = {arXiv},
	Author = {He, Jian-hua},
	Eprint = {1912.00325},
	Primaryclass = {gr-qc},
	Slaccitation = {%%CITATION = ARXIV:1912.00325;%%},
	Title = {{Simulating the scattering of low-frequency Gravitational Waves by compact objects using the finite element method}},
	Year = {2019}}

@article{Andersson:1997eq,
	Archiveprefix = {arXiv},
	Author = {Andersson, Nils and Kokkotas, Kostas D.},
	Doi = {10.1046/j.1365-8711.1998.01541.x},
	Eprint = {gr-qc/9706010},
	Journal = {Mon. Not. Roy. Astron. Soc.},
	Pages = {493},
	Primaryclass = {gr-qc},
	Slaccitation = {%%CITATION = GR-QC/9706010;%%},
	Title = {{Pulsation modes for increasingly relativistic polytropes}},
	Volume = {297},
	Year = {1998},
	Bdsk-Url-1 = {https://doi.org/10.1046/j.1365-8711.1998.01541.x}}

@article{mp,
	Author = {B. Majumdar and N. Panchapakesan},
	Doi = {10.1103/PhysRevD.40.2568},
	Journal = {Phys.\ Rev.\ D},
	Pages = {2568},
	Title = {{Schwarzschild black-hole normal modes using the Hill determinant}},
	Volume = {40},
	Year = {1989},
	Bdsk-Url-1 = {https://doi.org/10.1103/PhysRevD.40.2568}}

@article{Leaver:1985ax,
	Author = {Leaver, E. W.},
	Doi = {10.1098/rspa.1985.0119},
	Journal = {Proc.\ Roy.\ Soc.\ Lond.\ A},
	Pages = {285-298},
	Slaccitation = {%%CITATION = PRSLA,A402,285;%%},
	Title = {{An analytic representation for the quasi normal modes of Kerr black holes}},
	Volume = {402},
	Year = {1985},
	Bdsk-Url-1 = {https://doi.org/10.1098/rspa.1985.0119}}

@article{Benhar:1998au,
	Archiveprefix = {arXiv},
	Author = {Benhar, Omar and Berti, Emanuele and Ferrari, Valeria},
	Booktitle = {{Gravitational waves: A challenge to theoretical astrophysics. Proceedings, Trieste, Italy, June 6-9, 2000}},
	Doi = {10.1046/j.1365-8711.1999.02983.x},
	Eprint = {gr-qc/9901037},
	Journal = {Mon. Not. Roy. Astron. Soc.},
	Note = {[ICTP Lect. Notes Ser.3,35(2001)]},
	Pages = {797-803},
	Primaryclass = {gr-qc},
	Slaccitation = {%%CITATION = GR-QC/9901037;%%},
	Title = {{The Imprint of the equation of state on the axial w modes of oscillating neutron stars}},
	Volume = {310},
	Year = {1999},
	Bdsk-Url-1 = {https://doi.org/10.1046/j.1365-8711.1999.02983.x}}

@article{Coates:2019bun,
	Archiveprefix = {arXiv},
	Author = {Coates, Andrew and Vï¿½lkel, Sebastian H. and Kokkotas, Kostas D.},
	Doi = {10.1103/PhysRevLett.123.171104},
	Eprint = {1909.01254},
	Journal = {Phys. Rev. Lett.},
	Number = {17},
	Pages = {171104},
	Primaryclass = {gr-qc},
	Slaccitation = {%%CITATION = ARXIV:1909.01254;%%},
	Title = {{Spectral Lines of Quantized, Spinning Black Holes and their Astrophysical Relevance}},
	Volume = {123},
	Year = {2019},
	Bdsk-Url-1 = {https://doi.org/10.1103/PhysRevLett.123.171104}}

@article{Macedo:2018yoi,
	Archiveprefix = {arXiv},
	Author = {Macedo, Caio F. B. and Stratton, Tom and Dolan, Sam and Crispino, Lu\'is C. B.},
	Doi = {10.1103/PhysRevD.98.104034},
	Eprint = {1807.04762},
	Journal = {Phys. Rev.},
	Number = {10},
	Pages = {104034},
	Primaryclass = {gr-qc},
	Slaccitation = {%%CITATION = ARXIV:1807.04762;%%},
	Title = {{Spectral lines of extreme compact objects}},
	Volume = {D98},
	Year = {2018},
	Bdsk-Url-1 = {https://doi.org/10.1103/PhysRevD.98.104034}}

@article{Zhang:2011pq,
	Archiveprefix = {arXiv},
	Author = {Zhang, Y. J. and Wu, J. and Leung, P. T.},
	Doi = {10.1103/PhysRevD.83.064012},
	Eprint = {1101.0319},
	Journal = {Phys. Rev.},
	Pages = {064012},
	Primaryclass = {gr-qc},
	Slaccitation = {%%CITATION = ARXIV:1101.0319;%%},
	Title = {{High-frequency behavior of w-mode pulsations of compact stars}},
	Volume = {D83},
	Year = {2011},
	Bdsk-Url-1 = {https://doi.org/10.1103/PhysRevD.83.064012}}

@book{AS65,
	Author = {M. Abramowitz and I. A. Stegun},
	Publisher = {Dover, New-York},
	Title = {Handbook of Mathematical Functions},
	Year = {1965}}

@article{Fabbri:1975,
	Author = {Fabbri, R},
	Journal = {Physical Review D},
	Number = {4},
	Pages = {933},
	Publisher = {APS},
	Title = {Scattering and absorption of electromagnetic waves by a Schwarzschild black hole},
	Volume = {12},
	Year = {1975}}

@article{Anninos:1992ih,
	Author = {Anninos, P. and DeWitt-Morette, C. and Matzner, R. A. and Yioutas, P. and Zhang, T. R.},
	Doi = {10.1103/PhysRevD.46.4477},
	Journal = {Phys. Rev.},
	Pages = {4477-4494},
	Slaccitation = {%%CITATION = PHRVA,D46,4477;%%},
	Title = {{Orbiting cross-sections: Application to black hole scattering}},
	Volume = {D46},
	Year = {1992},
	Bdsk-Url-1 = {http://dx.doi.org/10.1103/PhysRevD.46.4477}}

@book{Shapiro1983,
	Author = {S. L. Shapiro and S. A. Teukolsky},
	Publisher = {Wiley, New-York},
	Title = {Black Holes, White Dwarfs, and Neutron Stars: The Physics of Compact Objects},
	Year = {1983}}

@article{Watson18,
	Author = {G. N. Watson},
	Journal = {Proc.\ R.\ Soc.\ London A},
	Pages = {83},
	Title = {{The diffraction of electric waves by the Earth}},
	Volume = {95},
	Year = {1918}}

@book{Newton:1982qc,
	Author = {Newton, R. G.},
	Edition = {Second},
	Publisher = {Springer-Verlag, New York},
	Slaccitation = {%%CITATION = INSPIRE-186478;%%},
	Title = {{Scattering Theory of Waves and Particles}},
	Year = {1982}}

@misc{Mathematica,
	Author = {Wolfram Research{,} Inc.},
	Note = {(Wolfram Research{,} Inc., Champaign, IL, 2014)},
	Title = {{\it Mathematica}, {V}ersion 10.0}}

@article{Andersson:1995vi,
	Author = {Andersson, N.},
	Date-Added = {2019-09-10 09:57:02 +0100},
	Date-Modified = {2019-09-10 09:57:02 +0100},
	Doi = {10.1103/PhysRevD.52.1808},
	Journal = {Phys. Rev.},
	Pages = {1808-1820},
	Slaccitation = {%%CITATION = PHRVA,D52,1808;%%},
	Title = {{Scattering of massless scalar waves by a Schwarzschild black hole: A Phase integral study}},
	Volume = {D52},
	Year = {1995},
	Bdsk-Url-1 = {https://doi.org/10.1103/PhysRevD.52.1808}}

@article{Dolan:2006vj,
	Archiveprefix = {arXiv},
	Author = {Dolan, Sam and Doran, Chris and Lasenby, Anthony},
	Date-Added = {2019-09-10 09:53:30 +0100},
	Date-Modified = {2019-09-10 09:53:30 +0100},
	Doi = {10.1103/PhysRevD.74.064005},
	Eprint = {gr-qc/0605031},
	Journal = {Phys. Rev.},
	Pages = {064005},
	Primaryclass = {gr-qc},
	Slaccitation = {%%CITATION = GR-QC/0605031;%%},
	Title = {{Fermion scattering by a Schwarzschild black hole}},
	Volume = {D74},
	Year = {2006},
	Bdsk-Url-1 = {https://doi.org/10.1103/PhysRevD.74.064005}}

@article{VojeJohansen:2005nd,
	Archiveprefix = {arXiv},
	Author = {Voje Johansen, Nils and Ravndal, Finn},
	Doi = {10.1007/s10714-006-0242-0},
	Eprint = {physics/0508163},
	Journal = {Gen. Rel. Grav.},
	Pages = {537-540},
	Primaryclass = {physics},
	Slaccitation = {%%CITATION = PHYSICS/0508163;%%},
	Title = {{On the discovery of Birkhoff's theorem}},
	Volume = {38},
	Year = {2006},
	Bdsk-Url-1 = {https://doi.org/10.1007/s10714-006-0242-0}}

@article{Cotaescu:2014jca,
	Archiveprefix = {arXiv},
	Author = {Cotaescu, Ion I. and Crucean, Cosmin and Sporea, Ciprian A.},
	Date-Added = {2019-09-10 09:53:00 +0100},
	Date-Modified = {2019-09-10 09:53:00 +0100},
	Doi = {10.1140/epjc/s10052-016-3936-9},
	Eprint = {1409.7201},
	Journal = {Eur. Phys. J.},
	Number = {3},
	Pages = {102},
	Primaryclass = {gr-qc},
	Slaccitation = {%%CITATION = ARXIV:1409.7201;%%},
	Title = {{Partial wave analysis of the Dirac fermions scattered from Schwarzschild black holes}},
	Volume = {C76},
	Year = {2016},
	Bdsk-Url-1 = {https://doi.org/10.1140/epjc/s10052-016-3936-9}}

@article{Guadagnini:2008ha,
	Archiveprefix = {arXiv},
	Author = {Guadagnini, E.},
	Date-Added = {2019-09-10 09:51:23 +0100},
	Date-Modified = {2019-09-10 09:51:23 +0100},
	Doi = {10.1088/0264-9381/25/9/095012},
	Eprint = {0803.2855},
	Journal = {Class. Quant. Grav.},
	Pages = {095012},
	Primaryclass = {gr-qc},
	Reportnumber = {IFUP-TH-2008-07},
	Slaccitation = {%%CITATION = ARXIV:0803.2855;%%},
	Title = {{Gravitons scattering from classical matter}},
	Volume = {25},
	Year = {2008},
	Bdsk-Url-1 = {https://doi.org/10.1088/0264-9381/25/9/095012}}

@article{Sorge:2015yoa,
	Author = {Sorge, Francesco},
	Date-Added = {2019-09-10 09:49:34 +0100},
	Date-Modified = {2019-09-10 09:49:34 +0100},
	Doi = {10.1088/0264-9381/32/3/035007},
	Journal = {Class. Quant. Grav.},
	Number = {3},
	Pages = {035007},
	Slaccitation = {%%CITATION = CQGRD,32,035007;%%},
	Title = {{On the gravitational scattering of gravitational waves}},
	Volume = {32},
	Year = {2015},
	Bdsk-Url-1 = {https://doi.org/10.1088/0264-9381/32/3/035007}}

@article{Gussmann:2016mkp,
	Archiveprefix = {arXiv},
	Author = {Gu{\ss}mann, Alexander},
	Date-Added = {2019-09-10 09:47:44 +0100},
	Date-Modified = {2019-09-10 09:47:44 +0100},
	Doi = {10.1088/1361-6382/aa606c},
	Eprint = {1608.00552},
	Journal = {Class. Quant. Grav.},
	Number = {6},
	Pages = {065007},
	Primaryclass = {hep-th},
	Reportnumber = {LMU-ASC-37-16},
	Slaccitation = {%%CITATION = ARXIV:1608.00552;%%},
	Title = {{Scattering of massless scalar waves by magnetically charged black holes in Einstein--Yang--Mills--Higgs theory}},
	Volume = {34},
	Year = {2017},
	Bdsk-Url-1 = {https://doi.org/10.1088/1361-6382/aa606c}}

@article{Nambu:2019sqn,
	Archiveprefix = {arXiv},
	Author = {Nambu, Yasusada and Noda, Sousuke and Sakai, Yuichiro},
	Date-Added = {2019-09-10 09:45:46 +0100},
	Date-Modified = {2019-09-10 09:45:46 +0100},
	Eprint = {1905.01793},
	Primaryclass = {gr-qc},
	Slaccitation = {%%CITATION = ARXIV:1905.01793;%%},
	Title = {{Wave Optics in Spacetimes with Compact Gravitating Object}},
	Year = {2019}}

@article{Folacci:2019cmc,
	Archiveprefix = {arXiv},
	Author = {Folacci, Antoine and Ould El Hadj, Mohamed},
	Doi = {10.1103/PhysRevD.99.104079},
	Eprint = {1901.03965},
	Journal = {Phys. Rev.},
	Number = {10},
	Pages = {104079},
	Primaryclass = {gr-qc},
	Slaccitation = {%%CITATION = ARXIV:1901.03965;%%},
	Title = {{Regge pole description of scattering of scalar and electromagnetic waves by a Schwarzschild black hole}},
	Volume = {D99},
	Year = {2019},
	Bdsk-Url-1 = {https://doi.org/10.1103/PhysRevD.99.104079}}

@article{Folacci:2019vtt,
	Archiveprefix = {arXiv},
	Author = {Folacci, Antoine and Ould El Hadj, Mohamed},
	Date-Added = {2019-09-10 09:45:33 +0100},
	Date-Modified = {2019-09-10 09:45:33 +0100},
	Doi = {10.1103/PhysRevD.100.064009},
	Eprint = {1906.01441},
	Journal = {Phys. Rev.},
	Pages = {064009},
	Primaryclass = {gr-qc},
	Slaccitation = {%%CITATION = ARXIV:1906.01441;%%},
	Title = {{Regge pole description of scattering of gravitational waves by a Schwarzschild black hole}},
	Volume = {D100},
	Year = {2019},
	Bdsk-Url-1 = {https://doi.org/10.1103/PhysRevD.100.064009}}

@article{Decanini:2011xi,
	Archiveprefix = {arXiv},
	Author = {Decanini, Yves and Esposito-Farese, Gilles and Folacci, Antoine},
	Doi = {10.1103/PhysRevD.83.044032},
	Eprint = {1101.0781},
	Journal = {Phys. Rev.},
	Pages = {044032},
	Primaryclass = {gr-qc},
	Slaccitation = {%%CITATION = ARXIV:1101.0781;%%},
	Title = {{Universality of high-energy absorption cross sections for black holes}},
	Volume = {D83},
	Year = {2011},
	Bdsk-Url-1 = {https://doi.org/10.1103/PhysRevD.83.044032}}

@article{Decanini:2011xw,
	Archiveprefix = {arXiv},
	Author = {Decanini, Yves and Folacci, Antoine and Raffaelli, Bernard},
	Doi = {10.1088/0264-9381/28/17/175021},
	Eprint = {1104.3285},
	Journal = {Class. Quant. Grav.},
	Pages = {175021},
	Primaryclass = {gr-qc},
	Slaccitation = {%%CITATION = ARXIV:1104.3285;%%},
	Title = {{Fine structure of high-energy absorption cross sections for black holes}},
	Volume = {28},
	Year = {2011},
	Bdsk-Url-1 = {https://doi.org/10.1088/0264-9381/28/17/175021}}

@article{Newman:1966ub,
	Author = {Newman, E. T. and Penrose, R.},
	Date-Added = {2019-09-10 09:38:48 +0100},
	Date-Modified = {2019-09-10 09:38:48 +0100},
	Doi = {10.1063/1.1931221},
	Journal = {J. Math. Phys.},
	Pages = {863-870},
	Slaccitation = {%%CITATION = JMAPA,7,863;%%},
	Title = {{Note on the Bondi-Metzner-Sachs group}},
	Volume = {7},
	Year = {1966},
	Bdsk-Url-1 = {https://doi.org/10.1063/1.1931221}}

@book{Frolov:1998wf,
	Date-Added = {2019-09-10 09:38:28 +0100},
	Date-Modified = {2019-09-10 09:38:28 +0100},
	Doi = {10.1007/978-94-011-5139-9},
	Editor = {Frolov, V. P. and Novikov, I. D.},
	Journal = {Fundam. Theor. Phys.},
	Slaccitation = {%%CITATION = FTPHD,96,;%%},
	Title = {{Black hole physics: Basic concepts and new developments}},
	Volume = {96},
	Year = {1998},
	Bdsk-Url-1 = {https://doi.org/10.1007/978-94-011-5139-9}}

@article{Mashhoon:1973zz,
	Author = {Mashhoon, Bahram},
	Date-Added = {2019-09-10 09:33:03 +0100},
	Date-Modified = {2019-09-10 09:33:03 +0100},
	Doi = {10.1103/PhysRevD.7.2807},
	Journal = {Phys. Rev.},
	Pages = {2807-2814},
	Slaccitation = {%%CITATION = PHRVA,D7,2807;%%},
	Title = {{Scattering of Electromagnetic Radiation from a Black Hole}},
	Volume = {D7},
	Year = {1973},
	Bdsk-Url-1 = {https://doi.org/10.1103/PhysRevD.7.2807}}

@article{Chrzanowski:1976jb,
	Author = {Chrzanowski, P. L. and Matzner, R. A. and Sandberg, V. D. and Ryan, M. P.},
	Date-Added = {2019-09-10 09:33:03 +0100},
	Date-Modified = {2019-09-10 09:33:03 +0100},
	Doi = {10.1103/PhysRevD.14.317},
	Journal = {Phys. Rev.},
	Pages = {317-326},
	Slaccitation = {%%CITATION = PHRVA,D14,317;%%},
	Title = {{Zero Mass Plane Waves in Nonzero Gravitational Backgrounds}},
	Volume = {D14},
	Year = {1976},
	Bdsk-Url-1 = {https://doi.org/10.1103/PhysRevD.14.317}}

@article{DeLogi:1977dp,
	Author = {De Logi, W. K. and Kovacs, S. J.},
	Date-Added = {2019-09-10 09:33:03 +0100},
	Date-Modified = {2019-09-10 09:33:03 +0100},
	Doi = {10.1103/PhysRevD.16.237},
	Journal = {Phys. Rev.},
	Pages = {237-244},
	Slaccitation = {%%CITATION = PHRVA,D16,237;%%},
	Title = {{Gravitational Scattering of Zero Rest Mass Plane Waves}},
	Volume = {D16},
	Year = {1977},
	Bdsk-Url-1 = {https://doi.org/10.1103/PhysRevD.16.237}}

@article{Sanchez:1977vz,
	Author = {Sanchez, Norma G.},
	Date-Added = {2019-09-10 09:33:03 +0100},
	Date-Modified = {2019-09-10 09:33:03 +0100},
	Doi = {10.1103/PhysRevD.18.1798},
	Journal = {Phys. Rev.},
	Pages = {1798},
	Reportnumber = {Print-77-0705 (MEUDON)},
	Slaccitation = {%%CITATION = PHRVA,D18,1798;%%},
	Title = {{Elastic Scattering of Waves by a Black Hole}},
	Volume = {D18},
	Year = {1978},
	Bdsk-Url-1 = {http://dx.doi.org/10.1103/PhysRevD.18.1798}}

@article{MatznerRyan1978,
	Adsnote = {Provided by the SAO/NASA Astrophysics Data System},
	Adsurl = {https://ui.adsabs.harvard.edu/abs/1978ApJS...36..451M},
	Author = {Matzner, Richard A. and Ryan, Michael P. Jr.},
	Date-Added = {2019-09-10 09:33:03 +0100},
	Date-Modified = {2019-09-10 09:33:03 +0100},
	Doi = {10.1086/190508},
	Journal = {The Astrophysical Journal Supplement Series},
	Keywords = {Black Holes (Astronomy), Gravitational Waves, Inelastic Scattering, Scattering Cross Sections, Wave Scattering, Boundary Value Problems, Graphs (Charts), Plane Waves, Vacuum Effects, Astrophysics, Black Holes:Gravitational Radiation},
	Month = {Mar},
	Pages = {451-481},
	Title = {{Scattering of gravitational radiation from vacuum black holes.}},
	Volume = {36},
	Year = {1978},
	Bdsk-Url-1 = {https://doi.org/10.1086/190508}}

@article{Handler:1980un,
	Author = {Handler, F. A. and Matzner, R. A.},
	Date-Added = {2019-09-10 09:33:03 +0100},
	Date-Modified = {2019-09-10 09:33:03 +0100},
	Doi = {10.1103/PhysRevD.22.2331},
	Journal = {Phys. Rev.},
	Pages = {2331-2348},
	Slaccitation = {%%CITATION = PHRVA,D22,2331;%%},
	Title = {Gravitational wave scattering},
	Volume = {D22},
	Year = {1980},
	Bdsk-Url-1 = {http://dx.doi.org/10.1103/PhysRevD.22.2331}}

@article{Matzner:1985rjn,
	Author = {Matzner, Richard A. and DeWitt-Morette, C{\'e}cile and Nelson, Bruce and Zhang, Tian-Rong},
	Date-Added = {2019-09-10 09:33:03 +0100},
	Date-Modified = {2019-09-10 09:33:03 +0100},
	Doi = {10.1103/PhysRevD.31.1869},
	Journal = {Phys. Rev.},
	Number = {8},
	Pages = {1869},
	Slaccitation = {%%CITATION = PHRVA,D31,1869;%%},
	Title = {{Glory scattering by black holes}},
	Volume = {D31},
	Year = {1985},
	Bdsk-Url-1 = {http://dx.doi.org/10.1103/PhysRevD.31.1869}}

@article{Vishveshwara:1970,
	Author = {Vishveshwara, CV},
	Date-Added = {2019-09-10 09:31:56 +0100},
	Date-Modified = {2019-09-10 09:32:26 +0100},
	Journal = {Nature},
	Number = {5261},
	Pages = {936},
	Title = {{Scattering of gravitational radiation by a Schwarzschild black-hole.}},
	Volume = {227},
	Year = {1970}}

@phdthesis{Hildreth1964PhDT64,
	Adsnote = {Provided by the SAO/NASA Astrophysics Data System},
	Adsurl = {http://adsabs.harvard.edu/abs/1964PhDT........64H},
	Author = {{Hildreth}, W.~W.},
	Date-Added = {2019-09-10 09:29:27 +0100},
	Date-Modified = {2019-09-10 09:29:27 +0100},
	School = {Princeton University},
	Title = {{The Interaction of Scalar Gravitational Waves with the Schwarzschild Metric.}},
	Year = {1964}}

@article{Hughes:1999bq,
	Archiveprefix = {arXiv},
	Author = {Hughes, Scott A.},
	Date-Added = {2019-08-20 11:01:32 +0100},
	Date-Modified = {2019-08-20 11:01:32 +0100},
	Doi = {10.1103/PhysRevD.65.069902, 10.1103/PhysRevD.90.109904, 10.1103/PhysRevD.61.084004, 10.1103/PhysRevD.63.049902, 10.1103/PhysRevD.67.089901},
	Eprint = {gr-qc/9910091},
	Journal = {Phys. Rev. D},
	Note = {[Erratum: Phys. Rev. D 90, no.10, 109904 (2014)]},
	Number = {8},
	Pages = {084004},
	Primaryclass = {gr-qc},
	Slaccitation = {%%CITATION = GR-QC/9910091;%%},
	Title = {{The Evolution of circular, nonequatorial orbits of Kerr black holes due to gravitational wave emission}},
	Volume = {61},
	Year = {2000},
	Bdsk-Url-1 = {https://doi.org/10.1103/PhysRevD.65.069902,%2010.1103/PhysRevD.90.109904,%2010.1103/PhysRevD.61.084004,%2010.1103/PhysRevD.63.049902,%2010.1103/PhysRevD.67.089901}}

@article{Dolan:2007ut,
	Archiveprefix = {arXiv},
	Author = {Dolan, Sam R.},
	Doi = {10.1103/PhysRevD.77.044004},
	Eprint = {0710.4252},
	Journal = {Phys. Rev.},
	Pages = {044004},
	Primaryclass = {gr-qc},
	Slaccitation = {%%CITATION = ARXIV:0710.4252;%%},
	Title = {{Scattering of long-wavelength gravitational waves}},
	Volume = {D77},
	Year = {2008},
	Bdsk-Url-1 = {https://doi.org/10.1103/PhysRevD.77.044004}}

@article{Regge:1957td,
	Author = {Regge, Tullio and Wheeler, John A.},
	Doi = {10.1103/PhysRev.108.1063},
	Journal = {Phys. Rev.},
	Pages = {1063-1069},
	Slaccitation = {%%CITATION = PHRVA,108,1063;%%},
	Title = {{Stability of a Schwarzschild singularity}},
	Volume = {108},
	Year = {1957},
	Bdsk-Url-1 = {https://doi.org/10.1103/PhysRev.108.1063}}

@book{Futterman:1988ni,
	Author = {Futterman, J. A. H. and Handler, F. A. and Matzner, R. A.},
	Isbn = {9781139245395, 9780521112109},
	Publisher = {Cambridge University Press},
	Slaccitation = {%%CITATION = INSPIRE-266127;%%},
	Title = {{Scattering from black holes}},
	Year = {2012}}

@article{Goldberg:1966uu,
	Author = {Goldberg, J. N. and MacFarlane, A. J. and Newman, E. T. and Rohrlich, F. and Sudarshan, E. C. G.},
	Doi = {10.1063/1.1705135},
	Journal = {J. Math. Phys.},
	Pages = {2155},
	Slaccitation = {%%CITATION = JMAPA,8,2155;%%},
	Title = {{Spin s spherical harmonics and edth}},
	Volume = {8},
	Year = {1967},
	Bdsk-Url-1 = {https://doi.org/10.1063/1.1705135}}

@article{Dolan:2008kf,
	Archiveprefix = {arXiv},
	Author = {Dolan, Sam R.},
	Doi = {10.1088/0264-9381/25/23/235002},
	Eprint = {0801.3805},
	Journal = {Class. Quant. Grav.},
	Pages = {235002},
	Primaryclass = {gr-qc},
	Slaccitation = {%%CITATION = ARXIV:0801.3805;%%},
	Title = {{Scattering and Absorption of Gravitational Plane Waves by Rotating Black Holes}},
	Volume = {25},
	Year = {2008},
	Bdsk-Url-1 = {https://doi.org/10.1088/0264-9381/25/23/235002}}

@article{Dolan:2017rtj,
	Archiveprefix = {arXiv},
	Author = {Dolan, Sam R. and Stratton, Tom},
	Doi = {10.1103/PhysRevD.95.124055},
	Eprint = {1702.06127},
	Journal = {Phys. Rev.},
	Number = {12},
	Pages = {124055},
	Primaryclass = {gr-qc},
	Slaccitation = {%%CITATION = ARXIV:1702.06127;%%},
	Title = {{Rainbow scattering in the gravitational field of a compact object}},
	Volume = {D95},
	Year = {2017},
	Bdsk-Url-1 = {https://doi.org/10.1103/PhysRevD.95.124055}}

@article{Stratton:2019deq,
	Archiveprefix = {arXiv},
	Author = {Stratton, Tom and Dolan, Sam R.},
	Doi = {10.1103/PhysRevD.100.024007},
	Eprint = {1903.00025},
	Journal = {Phys. Rev.},
	Number = {2},
	Pages = {024007},
	Primaryclass = {gr-qc},
	Slaccitation = {%%CITATION = ARXIV:1903.00025;%%},
	Title = {{Rainbow scattering of gravitational plane waves by a compact body}},
	Volume = {D100},
	Year = {2019},
	Bdsk-Url-1 = {https://doi.org/10.1103/PhysRevD.100.024007}}

@article{Rosa:2016bli,
	Archiveprefix = {arXiv},
	Author = {Rosa, Joao G.},
	Doi = {10.1103/PhysRevD.95.064017},
	Eprint = {1612.01826},
	Journal = {Phys. Rev.},
	Number = {6},
	Pages = {064017},
	Primaryclass = {gr-qc},
	Slaccitation = {%%CITATION = ARXIV:1612.01826;%%},
	Title = {{Superradiance in the sky}},
	Volume = {D95},
	Year = {2017},
	Bdsk-Url-1 = {https://doi.org/10.1103/PhysRevD.95.064017}}

@article{Matzner:1968,
	Author = {Matzner, Richard A},
	Date-Added = {2017-02-12 21:24:54 +0000},
	Date-Modified = {2017-02-12 21:25:03 +0000},
	Journal = {Journal of Mathematical Physics},
	Number = {1},
	Pages = {163--170},
	Publisher = {AIP},
	Title = {Scattering of Massless Scalar Waves by a Schwarzschild``Singularity''},
	Volume = {9},
	Year = {1968}}

@article{Crispino:2009xt,
	Archiveprefix = {arXiv},
	Author = {Crispino, Luis C. B. and Dolan, Sam R. and Oliveira, Ednilton S.},
	Doi = {10.1103/PhysRevLett.102.231103},
	Eprint = {0905.3339},
	Journal = {Phys. Rev. Lett.},
	Pages = {231103},
	Primaryclass = {gr-qc},
	Slaccitation = {%%CITATION = ARXIV:0905.3339;%%},
	Title = {{Electromagnetic wave scattering by Schwarzschild black holes}},
	Volume = {102},
	Year = {2009},
	Bdsk-Url-1 = {https://doi.org/10.1103/PhysRevLett.102.231103}}

@article{Leite:2017zyb,
	Archiveprefix = {arXiv},
	Author = {Leite, Luiz C. S. and Dolan, Sam R. and Crispino, Lu{\'\i}s C. B.},
	Doi = {10.1016/j.physletb.2017.09.048},
	Eprint = {1707.01144},
	Journal = {Phys. Lett.},
	Pages = {130-134},
	Primaryclass = {gr-qc},
	Slaccitation = {%%CITATION = ARXIV:1707.01144;%%},
	Title = {{Absorption of electromagnetic and gravitational waves by Kerr black holes}},
	Volume = {B774},
	Year = {2017},
	Bdsk-Url-1 = {https://doi.org/10.1016/j.physletb.2017.09.048}}

@article{Crispino:2015gua,
	Archiveprefix = {arXiv},
	Author = {Crispino, Lu{\'\i}s C. B. and Dolan, Sam R. and Higuchi, Atsushi and de Oliveira, Ednilton S.},
	Doi = {10.1103/PhysRevD.92.084056},
	Eprint = {1507.03993},
	Journal = {Phys. Rev.},
	Number = {8},
	Pages = {084056},
	Primaryclass = {gr-qc},
	Slaccitation = {%%CITATION = ARXIV:1507.03993;%%},
	Title = {{Scattering from charged black holes and supergravity}},
	Volume = {D92},
	Year = {2015},
	Bdsk-Url-1 = {https://doi.org/10.1103/PhysRevD.92.084056}}

@article{Glampedakis:2001cx,
	Archiveprefix = {arXiv},
	Author = {Glampedakis, Kostas and Andersson, Nils},
	Doi = {10.1088/0264-9381/18/10/309},
	Eprint = {gr-qc/0102100},
	Journal = {Class. Quant. Grav.},
	Pages = {1939-1966},
	Primaryclass = {gr-qc},
	Slaccitation = {%%CITATION = GR-QC/0102100;%%},
	Title = {{Scattering of scalar waves by rotating black holes}},
	Volume = {18},
	Year = {2001},
	Bdsk-Url-1 = {https://doi.org/10.1088/0264-9381/18/10/309}}

@article{Yennie:1954zz,
	Author = {Yennie, D. R. and Ravenhall, D. G. and Wilson, R. N.},
	Date-Added = {2017-02-01 13:51:04 +0000},
	Date-Modified = {2017-02-01 13:51:04 +0000},
	Doi = {10.1103/PhysRev.95.500},
	Journal = {Phys. Rev.},
	Pages = {500-512},
	Slaccitation = {%%CITATION = PHRVA,95,500;%%},
	Title = {{Phase-Shift Calculation of High-Energy Electron Scattering}},
	Volume = {95},
	Year = {1954},
	Bdsk-Url-1 = {http://dx.doi.org/10.1103/PhysRev.95.500}}

@article{Teukolsky:1972my,
	Author = {Teukolsky, S. A.},
	Doi = {10.1103/PhysRevLett.29.1114},
	Journal = {Phys. Rev. Lett.},
	Pages = {1114-1118},
	Reportnumber = {OAP-291},
	Slaccitation = {%%CITATION = PRLTA,29,1114;%%},
	Title = {{Rotating black holes - separable wave equations for gravitational and electromagnetic perturbations}},
	Volume = {29},
	Year = {1972},
	Bdsk-Url-1 = {https://doi.org/10.1103/PhysRevLett.29.1114}}

@article{Yang:2012he,
	Archiveprefix = {arXiv},
	Author = {Yang, Huan and Nichols, David A. and Zhang, Fan and Zimmerman, Aaron and Zhang, Zhongyang and Chen, Yanbei},
	Doi = {10.1103/PhysRevD.86.104006},
	Eprint = {1207.4253},
	Journal = {Phys. Rev.},
	Pages = {104006},
	Primaryclass = {gr-qc},
	Slaccitation = {%%CITATION = ARXIV:1207.4253;%%},
	Title = {{Quasinormal-mode spectrum of Kerr black holes and its geometric interpretation}},
	Volume = {D86},
	Year = {2012},
	Bdsk-Url-1 = {https://doi.org/10.1103/PhysRevD.86.104006}}

@article{Leite:2019eis,
	Archiveprefix = {arXiv},
	Author = {Leite, Luiz C. S. and Benone, Carolina L. and Crispino, Lu{\'\i}s C. B.},
	Doi = {10.1016/j.physletb.2019.06.027},
	Eprint = {1907.04746},
	Journal = {Phys. Lett.},
	Pages = {496-501},
	Primaryclass = {gr-qc},
	Slaccitation = {%%CITATION = ARXIV:1907.04746;%%},
	Title = {{On-axis scattering of scalar fields by charged rotating black holes}},
	Volume = {B795},
	Year = {2019},
	Bdsk-Url-1 = {https://doi.org/10.1016/j.physletb.2019.06.027}}

@inbook{Michel2019,
	Abstract = {The spin-weighted spherical harmonics (by Newman and Penrose) form an orthonormal basis of  on the unit sphere $\Omega$ and have a huge field of applications. Mainly, they are used in quantum mechanics and geophysics for the theory of gravitation and in early universe and classical cosmology. Furthermore, they have also applications in geodesy. The quantity of formulations conditioned this huge spectrum of versatility. Formulations we use are for example given by the Wigner D-function, by a spin raising and spin lowering operator or as a function of spin weight.},
	Address = {Berlin, Heidelberg},
	Author = {Michel, Volker and Seibert, Katrin},
	Booktitle = {Handbuch der Geod{\"a}sie: 6 B{\"a}nde},
	Doi = {10.1007/978-3-662-46900-2_102-1},
	Editor = {Freeden, Willi and Rummel, Reiner},
	Isbn = {978-3-662-46900-2},
	Pages = {1--113},
	Publisher = {Springer Berlin Heidelberg},
	Title = {A Mathematical View on Spin-Weighted Spherical Harmonics and Their Applications in Geodesy},
	Url = {https://doi.org/10.1007/978-3-662-46900-2_102-1},
	Year = {2019},
	Bdsk-Url-1 = {https://doi.org/10.1007/978-3-662-46900-2_102-1}}

@article{Detweiler:1985zz,
	Author = {Detweiler, Steven L. and Lindblom, L.},
	Doi = {10.1086/163127},
	Journal = {Astrophys. J.},
	Pages = {12-15},
	Slaccitation = {%%CITATION = ASJOA,292,12;%%},
	Title = {{On the nonradial pulsations of general relativistic stellar models}},
	Volume = {292},
	Year = {1985},
	Bdsk-Url-1 = {https://doi.org/10.1086/163127}}

@article{thorne1967non,
	Author = {Thorne, Kip S and Campolattaro, Alfonso},
	Journal = {The Astrophysical Journal},
	Pages = {591},
	Title = {{Non-Radial Pulsation of General-Relativistic Stellar Models. I. Analytic Analysis for L>= 2}},
	Volume = {149},
	Year = {1967}}

@article{Kokkotas:1992ka,
	Author = {Kokkotas, K. D. and Schutz, Bernard F.},
	Journal = {Mon. Not. Roy. Astron. Soc.},
	Pages = {119},
	Slaccitation = {%%CITATION = MNRAA,225,119;%%},
	Title = {{W-modes: A New family of normal modes of pulsating relativistic stars}},
	Volume = {225},
	Year = {1992}}

@article{Kokkotas:1986gd,
	Author = {Kokkotas, Kostas D. and Schutz, Bernard F.},
	Journal = {Gen. Rel. Grav.},
	Pages = {913},
	Slaccitation = {%%CITATION = GRGVA,18,913;%%},
	Title = {{Normal Modes of a Model Radiating System}},
	Volume = {18},
	Year = {1986}}

@article{Kokkotas:1999bd,
	Archiveprefix = {arXiv},
	Author = {Kokkotas, Kostas D. and Schmidt, Bernd G.},
	Doi = {10.12942/lrr-1999-2},
	Eprint = {gr-qc/9909058},
	Journal = {Living Rev. Rel.},
	Pages = {2},
	Primaryclass = {gr-qc},
	Slaccitation = {%%CITATION = GR-QC/9909058;%%},
	Title = {{Quasinormal modes of stars and black holes}},
	Volume = {2},
	Year = {1999},
	Bdsk-Url-1 = {https://doi.org/10.12942/lrr-1999-2}}

@article{Leins:1993zz,
	Author = {Leins, M. and Nollert, H. P. and Soffel, M. H.},
	Doi = {10.1103/PhysRevD.48.3467},
	Journal = {Phys. Rev.},
	Pages = {3467-3472},
	Slaccitation = {%%CITATION = PHRVA,D48,3467;%%},
	Title = {{Nonradial oscillations of neutron stars: A New branch of strongly damped normal modes}},
	Volume = {D48},
	Year = {1993},
	Bdsk-Url-1 = {https://doi.org/10.1103/PhysRevD.48.3467}}

@article{Andersson:1995ez,
	Archiveprefix = {arXiv},
	Author = {Andersson, Nils and Kojima, Yasufumi and Kokkotas, Kostas D.},
	Doi = {10.1086/177199},
	Eprint = {gr-qc/9512048},
	Journal = {Astrophys. J.},
	Pages = {855},
	Primaryclass = {gr-qc},
	Slaccitation = {%%CITATION = GR-QC/9512048;%%},
	Title = {{On the oscillation spectra of ultracompact stars: An Extensive survey of gravitational wave modes}},
	Volume = {462},
	Year = {1996},
	Bdsk-Url-1 = {https://doi.org/10.1086/177199}}

@article{1989AnPCS..14..117J,
	Adsnote = {Provided by the SAO/NASA Astrophysics Data System},
	Adsurl = {https://ui.adsabs.harvard.edu/abs/1989AnPCS..14..117J},
	Author = {{Jensen}, B.~P.},
	Journal = {Annales de Physique Colloque Supplement},
	Keywords = {Gravitational Collapse: Gravitational Radiation, Gravitational Collapse: Black Holes, Gravitational Collapse: Stellar Evolution},
	Month = {Dec},
	Pages = {117-121},
	Title = {{The quasi-normal modes of a simple system.}},
	Volume = {14},
	Year = {1989}}

@article{Andersson1996,
	Abstract = {Two simple model problems relevant for the gravitational-wave modes of relativistic stars are discussed. It is shown that the entire mode-spectrum can be obtained if one considers the modes as arising because of the trapping of gravitational waves by the spacetime curvature. The stellar fluid need play no dynamic role. Furthermore, it is shown that two distinct families of gravitational-wave modes exist. The first corresponds to waves trapped inside the star, while the second is similar to acoustic waves scattered off a hard sphere. An infinite number of the first kind of modes exist, but the latter family will only have a few members.},
	Author = {Andersson, Nils},
	Day = {01},
	Doi = {10.1007/BF02113773},
	Issn = {1572-9532},
	Journal = {General Relativity and Gravitation},
	Month = {Dec},
	Number = {12},
	Pages = {1433--1445},
	Title = {Two simple models for gravitational-wave modes of compact stars},
	Url = {https://doi.org/10.1007/BF02113773},
	Volume = {28},
	Year = {1996},
	Bdsk-Url-1 = {https://doi.org/10.1007/BF02113773}}

@article{Berry_1982,
	Abstract = {The coefficient r for reflection above a barrier V(x) is computed semiclassically (i.e. as h(cross) to 0) employing an exact multiple-reflection series whose mth term is a (2m+1)-fold integral. If V(x) is analytic, all terms have the same semiclassical order (exp(-h(cross)-1)); the multiple integrals are evaluated exactly and the series summed. If V(x) has a discontinuous Nth derivative, the term m=1 dominates semiclassically and gives r approximately h(cross)N. If V(x) has all derivatives continuous but possesses an essential singularity on the real axis, the term m=1 again dominates semiclassically, and for V approximately exp(- mod x mod -n) gives r approximately exp(-h(cross)-n(n+1)/) with an oscillatory factor corresponding to transmission resonances. The formulae are illustrated by computations of mod r mod 2 for four potentials with different continuity properties and show the limiting asymptotics emerging only when the de Broglie wavelength is less than 1% of the barrier width and mod r mod 2 approximately 10-1000.},
	Author = {M V Berry},
	Doi = {10.1088/0305-4470/15/12/021},
	Journal = {Journal of Physics A: Mathematical and General},
	Month = {dec},
	Number = {12},
	Pages = {3693--3704},
	Publisher = {{IOP} Publishing},
	Title = {Semiclassically weak reflections above analytic and non-analytic potential barriers},
	Url = {https://doi.org/10.1088%2F0305-4470%2F15%2F12%2F021},
	Volume = {15},
	Year = {1982},
	Bdsk-Url-1 = {https://doi.org/10.1088%2F0305-4470%2F15%2F12%2F021},
	Bdsk-Url-2 = {https://doi.org/10.1088/0305-4470/15/12/021}}

@book{nist,
	Author = {Olver, F. W. J. and Lozier, D. W. and Boisvert, R. F. and Clark, C. W.},
	Publisher = {Cambridge University Press},
	Title = {{NIST Handbook of Mathematical Functions}},
	Year = {2010}}

@article{Cardoso:2014sna,
	Archiveprefix = {arXiv},
	Author = {Cardoso, Vitor and Crispino, Lu{\'\i}s C. B. and Macedo, Caio F. B. and Okawa, Hirotada and Pani, Paolo},
	Doi = {10.1103/PhysRevD.90.044069},
	Eprint = {1406.5510},
	Journal = {Phys. Rev. D},
	Number = {4},
	Pages = {044069},
	Primaryclass = {gr-qc},
	Slaccitation = {%%CITATION = ARXIV:1406.5510;%%},
	Title = {{Light rings as observational evidence for event horizons: long-lived modes, ergoregions and nonlinear instabilities of ultracompact objects}},
	Volume = {D90},
	Year = {2014},
	Bdsk-Url-1 = {https://doi.org/10.1103/PhysRevD.90.044069}}

@article{Chandrasekhar449,
	Author = {Chandrasekhar, Subrahmanyan and Ferrari, Valeria},
	Doi = {10.1098/rspa.1991.0104},
	Issn = {0962-8444},
	Journal = {Proceedings of the Royal Society of London A: Mathematical, Physical and Engineering Sciences},
	Number = {1891},
	Pages = {449--457},
	Publisher = {The Royal Society},
	Title = {On the Non-Radial Oscillations of a Star III. A Reconsideration of the Axial Modes},
	Volume = {434},
	Year = {1991},
	Bdsk-Url-1 = {https://doi.org/10.1098/rspa.1991.0104}}

@article{ChandrasekharIV:1992ey,
	Author = {Chandrasekhar, Subrahmanyan and Ferrari, V.},
	Doi = {10.1098/rspa.1992.0051},
	Journal = {Proc. Roy. Soc. Lond.},
	Note = {[,1058(1992)]},
	Pages = {133-149},
	Slaccitation = {%%CITATION = PRSLA,A437,133;%%},
	Title = {{On the nonradial oscillations of a star IV. An application of the theory of Regge poles}},
	Volume = {A437},
	Year = {1992},
	Bdsk-Url-1 = {https://doi.org/10.1098/rspa.1992.0051}}

@article{Andersson:1994rk,
	Author = {Andersson, N. and Thylwe, K. E.},
	Doi = {10.1088/0264-9381/11/12/013},
	Journal = {Class. Quant. Grav.},
	Pages = {2991-3001},
	Slaccitation = {%%CITATION = CQGRD,11,2991;%%},
	Title = {{Complex angular momentum approach to black hole scattering}},
	Volume = {11},
	Year = {1994},
	Bdsk-Url-1 = {https://doi.org/10.1088/0264-9381/11/12/013}}

@article{Lindblom:1983ps,
	Author = {Lindblom, L and Detweiler, Steven L.},
	Doi = {10.1086/190884},
	Journal = {Astrophys. J. Suppl.},
	Pages = {73-92},
	Slaccitation = {%%CITATION = APJSA,53,73;%%},
	Title = {{The quadrupole oscillations of neutron stars}},
	Volume = {53},
	Year = {1983},
	Bdsk-Url-1 = {https://doi.org/10.1086/190884}}

@Article{Bottino1962,
author="Bottino, A.
and Longoni, A. M.",
title="Holomorphy domain of theS-matrix in potential scattering",
journal="Il Nuovo Cimento (1955-1965)",
year="1962",
month="Apr",
day="01",
volume="24",
number="2",
pages="353--368",
abstract="In the present paper we study the holomorphy domain of theS-matrix in the case of potentialsV(z), analytic and conveniently bounded in the right half plane ofz. To this purpose we use a method given byRegge (1).",
issn="1827-6121",
doi="10.1007/BF02745656",
url="https://doi.org/10.1007/BF02745656"
}
