@FOOTNOTE{Note1,key="Note1",note="The rainbow angle $\theta _r \approx 4M/R$ is distinct from the Einstein ring angle of $\theta _E \approx \protect \sqrt  {4M/r}$"}
